<?xml version="1.0" encoding="UTF-8"?><record xmlns="http://www.loc.gov/MARC21/slim" xmlns:cinclude="http://apache.org/cocoon/include/1.0" xmlns:zs="http://www.loc.gov/zing/srw/">
  <leader>00397nz  a2200121n  4500</leader>
  <controlfield tag="001">n  97123729 </controlfield>
  <controlfield tag="003">DLC</controlfield>
  <controlfield tag="005">19971216145601.1</controlfield>
  <controlfield tag="008">971216n| acannaab|          |n aaa |||  </controlfield>
  <datafield tag="010" ind1=" " ind2=" ">
    <subfield code="a">n  97123729 </subfield>
  </datafield>
  <datafield tag="040" ind1=" " ind2=" ">
    <subfield code="a">DLC</subfield>
    <subfield code="c">DLC</subfield>
  </datafield>
  <datafield tag="100" ind1="1" ind2="0">
    <subfield code="a">Spence, Daniel,</subfield>
    <subfield code="d">1802-1875</subfield>
  </datafield>
  <datafield tag="670" ind1=" " ind2=" ">
    <subfield code="a">Descendents of Daniel Spence (1802-1875) of ... c1997:</subfield>
    <subfield code="b">p. 53 (b. 1802, Kilennan, Scotland; d. Aug. 20, 1875, Washington County, Kan.)</subfield>
  </datafield>
</record>